%YAML 1.1
%TAG !u! tag:unity3d.com,2011:
--- !u!1 &1564606494750701556
GameObject:
  m_ObjectHideFlags: 0
  m_CorrespondingSourceObject: {fileID: 0}
  m_PrefabInstance: {fileID: 0}
  m_PrefabAsset: {fileID: 0}
  serializedVersion: 6
  m_Component:
  - component: {fileID: 1564606494750701555}
  m_Layer: 0
  m_Name: Obstacle
  m_TagString: Untagged
  m_Icon: {fileID: 0}
  m_NavMeshLayer: 0
  m_StaticEditorFlags: 0
  m_IsActive: 1
--- !u!4 &1564606494750701555
Transform:
  m_ObjectHideFlags: 0
  m_CorrespondingSourceObject: {fileID: 0}
  m_PrefabInstance: {fileID: 0}
  m_PrefabAsset: {fileID: 0}
  m_GameObject: {fileID: 1564606494750701556}
  m_LocalRotation: {x: 0, y: 0, z: 0, w: 1}
  m_LocalPosition: {x: 0, y: 1, z: 6.62}
  m_LocalScale: {x: 0.5, y: 0.5, z: 0.5}
  m_Children:
  - {fileID: 1565362790042684343}
  - {fileID: 1560191785919778629}
  - {fileID: 1560191786552906484}
  - {fileID: 1560191291705989421}
  - {fileID: 1559956919574895446}
  - {fileID: 1565380991347476434}
  - {fileID: 5979295637144222292}
  - {fileID: 4676859499526255460}
  - {fileID: 5868718778400531968}
  - {fileID: 5501395047365101424}
  m_Father: {fileID: 0}
  m_RootOrder: 0
  m_LocalEulerAnglesHint: {x: 0, y: 0, z: 0}
--- !u!1001 &403936442904452391
PrefabInstance:
  m_ObjectHideFlags: 0
  serializedVersion: 2
  m_Modification:
    m_TransformParent: {fileID: 1564606494750701555}
    m_Modifications:
    - target: {fileID: 5315359888651442775, guid: cf7d02eaa168e42128a29c552044b43b,
        type: 3}
      propertyPath: m_LocalPosition.x
      value: 2.9
      objectReference: {fileID: 0}
    - target: {fileID: 5315359888651442775, guid: cf7d02eaa168e42128a29c552044b43b,
        type: 3}
      propertyPath: m_LocalPosition.y
      value: 0
      objectReference: {fileID: 0}
    - target: {fileID: 5315359888651442775, guid: cf7d02eaa168e42128a29c552044b43b,
        type: 3}
      propertyPath: m_LocalPosition.z
      value: 2.6
      objectReference: {fileID: 0}
    - target: {fileID: 5315359888651442775, guid: cf7d02eaa168e42128a29c552044b43b,
        type: 3}
      propertyPath: m_LocalRotation.x
      value: -0
      objectReference: {fileID: 0}
    - target: {fileID: 5315359888651442775, guid: cf7d02eaa168e42128a29c552044b43b,
        type: 3}
      propertyPath: m_LocalRotation.y
      value: 0.27361748
      objectReference: {fileID: 0}
    - target: {fileID: 5315359888651442775, guid: cf7d02eaa168e42128a29c552044b43b,
        type: 3}
      propertyPath: m_LocalRotation.z
      value: -0
      objectReference: {fileID: 0}
    - target: {fileID: 5315359888651442775, guid: cf7d02eaa168e42128a29c552044b43b,
        type: 3}
      propertyPath: m_LocalRotation.w
      value: 0.9618386
      objectReference: {fileID: 0}
    - target: {fileID: 5315359888651442775, guid: cf7d02eaa168e42128a29c552044b43b,
        type: 3}
      propertyPath: m_RootOrder
      value: 9
      objectReference: {fileID: 0}
    - target: {fileID: 5315359888651442775, guid: cf7d02eaa168e42128a29c552044b43b,
        type: 3}
      propertyPath: m_LocalEulerAnglesHint.x
      value: 0
      objectReference: {fileID: 0}
    - target: {fileID: 5315359888651442775, guid: cf7d02eaa168e42128a29c552044b43b,
        type: 3}
      propertyPath: m_LocalEulerAnglesHint.y
      value: 31.759
      objectReference: {fileID: 0}
    - target: {fileID: 5315359888651442775, guid: cf7d02eaa168e42128a29c552044b43b,
        type: 3}
      propertyPath: m_LocalEulerAnglesHint.z
      value: 0
      objectReference: {fileID: 0}
    - target: {fileID: 7984359847287853284, guid: cf7d02eaa168e42128a29c552044b43b,
        type: 3}
      propertyPath: m_Name
      value: ChristmasTree_2 (1)
      objectReference: {fileID: 0}
    m_RemovedComponents: []
  m_SourcePrefab: {fileID: 100100000, guid: cf7d02eaa168e42128a29c552044b43b, type: 3}
--- !u!4 &5501395047365101424 stripped
Transform:
  m_CorrespondingSourceObject: {fileID: 5315359888651442775, guid: cf7d02eaa168e42128a29c552044b43b,
    type: 3}
  m_PrefabInstance: {fileID: 403936442904452391}
  m_PrefabAsset: {fileID: 0}
--- !u!1001 &1564606493865839699
PrefabInstance:
  m_ObjectHideFlags: 0
  serializedVersion: 2
  m_Modification:
    m_TransformParent: {fileID: 1564606494750701555}
    m_Modifications:
    - target: {fileID: 1183083980437604, guid: 164b05b00e842e24fa9ac40c8d1758ae, type: 3}
      propertyPath: m_Name
      value: EA_branch4_PRE
      objectReference: {fileID: 0}
    - target: {fileID: 4627739817514366, guid: 164b05b00e842e24fa9ac40c8d1758ae, type: 3}
      propertyPath: m_LocalPosition.x
      value: -1.2
      objectReference: {fileID: 0}
    - target: {fileID: 4627739817514366, guid: 164b05b00e842e24fa9ac40c8d1758ae, type: 3}
      propertyPath: m_LocalPosition.y
      value: 0
      objectReference: {fileID: 0}
    - target: {fileID: 4627739817514366, guid: 164b05b00e842e24fa9ac40c8d1758ae, type: 3}
      propertyPath: m_LocalPosition.z
      value: -16.82
      objectReference: {fileID: 0}
    - target: {fileID: 4627739817514366, guid: 164b05b00e842e24fa9ac40c8d1758ae, type: 3}
      propertyPath: m_LocalRotation.x
      value: -0.04587796
      objectReference: {fileID: 0}
    - target: {fileID: 4627739817514366, guid: 164b05b00e842e24fa9ac40c8d1758ae, type: 3}
      propertyPath: m_LocalRotation.y
      value: 0.3058307
      objectReference: {fileID: 0}
    - target: {fileID: 4627739817514366, guid: 164b05b00e842e24fa9ac40c8d1758ae, type: 3}
      propertyPath: m_LocalRotation.z
      value: -0.2049654
      objectReference: {fileID: 0}
    - target: {fileID: 4627739817514366, guid: 164b05b00e842e24fa9ac40c8d1758ae, type: 3}
      propertyPath: m_LocalRotation.w
      value: 0.9286291
      objectReference: {fileID: 0}
    - target: {fileID: 4627739817514366, guid: 164b05b00e842e24fa9ac40c8d1758ae, type: 3}
      propertyPath: m_RootOrder
      value: 3
      objectReference: {fileID: 0}
    - target: {fileID: 4627739817514366, guid: 164b05b00e842e24fa9ac40c8d1758ae, type: 3}
      propertyPath: m_LocalEulerAnglesHint.x
      value: 2.302
      objectReference: {fileID: 0}
    - target: {fileID: 4627739817514366, guid: 164b05b00e842e24fa9ac40c8d1758ae, type: 3}
      propertyPath: m_LocalEulerAnglesHint.y
      value: 35.965
      objectReference: {fileID: 0}
    - target: {fileID: 4627739817514366, guid: 164b05b00e842e24fa9ac40c8d1758ae, type: 3}
      propertyPath: m_LocalEulerAnglesHint.z
      value: -24.146
      objectReference: {fileID: 0}
    m_RemovedComponents: []
  m_SourcePrefab: {fileID: 100100000, guid: 164b05b00e842e24fa9ac40c8d1758ae, type: 3}
--- !u!4 &1560191291705989421 stripped
Transform:
  m_CorrespondingSourceObject: {fileID: 4627739817514366, guid: 164b05b00e842e24fa9ac40c8d1758ae,
    type: 3}
  m_PrefabInstance: {fileID: 1564606493865839699}
  m_PrefabAsset: {fileID: 0}
--- !u!1001 &1564606494464772813
PrefabInstance:
  m_ObjectHideFlags: 0
  serializedVersion: 2
  m_Modification:
    m_TransformParent: {fileID: 1564606494750701555}
    m_Modifications:
    - target: {fileID: 1657173670984558, guid: cffa043ea91396745993d0ccf3d1f172, type: 3}
      propertyPath: m_Name
      value: EA_Swamp_tree6_PRE
      objectReference: {fileID: 0}
    - target: {fileID: 4630561392723336, guid: cffa043ea91396745993d0ccf3d1f172, type: 3}
      propertyPath: m_LocalPosition.x
      value: 0
      objectReference: {fileID: 0}
    - target: {fileID: 4630561392723336, guid: cffa043ea91396745993d0ccf3d1f172, type: 3}
      propertyPath: m_LocalPosition.y
      value: 0
      objectReference: {fileID: 0}
    - target: {fileID: 4630561392723336, guid: cffa043ea91396745993d0ccf3d1f172, type: 3}
      propertyPath: m_LocalPosition.z
      value: 7.13
      objectReference: {fileID: 0}
    - target: {fileID: 4630561392723336, guid: cffa043ea91396745993d0ccf3d1f172, type: 3}
      propertyPath: m_LocalRotation.x
      value: -0
      objectReference: {fileID: 0}
    - target: {fileID: 4630561392723336, guid: cffa043ea91396745993d0ccf3d1f172, type: 3}
      propertyPath: m_LocalRotation.y
      value: -0
      objectReference: {fileID: 0}
    - target: {fileID: 4630561392723336, guid: cffa043ea91396745993d0ccf3d1f172, type: 3}
      propertyPath: m_LocalRotation.z
      value: -0
      objectReference: {fileID: 0}
    - target: {fileID: 4630561392723336, guid: cffa043ea91396745993d0ccf3d1f172, type: 3}
      propertyPath: m_LocalRotation.w
      value: 1
      objectReference: {fileID: 0}
    - target: {fileID: 4630561392723336, guid: cffa043ea91396745993d0ccf3d1f172, type: 3}
      propertyPath: m_RootOrder
      value: 1
      objectReference: {fileID: 0}
    - target: {fileID: 4630561392723336, guid: cffa043ea91396745993d0ccf3d1f172, type: 3}
      propertyPath: m_LocalEulerAnglesHint.x
      value: 0
      objectReference: {fileID: 0}
    - target: {fileID: 4630561392723336, guid: cffa043ea91396745993d0ccf3d1f172, type: 3}
      propertyPath: m_LocalEulerAnglesHint.y
      value: 0
      objectReference: {fileID: 0}
    - target: {fileID: 4630561392723336, guid: cffa043ea91396745993d0ccf3d1f172, type: 3}
      propertyPath: m_LocalEulerAnglesHint.z
      value: 0
      objectReference: {fileID: 0}
    - target: {fileID: 4630561392723336, guid: cffa043ea91396745993d0ccf3d1f172, type: 3}
      propertyPath: m_LocalScale.x
      value: 0.5
      objectReference: {fileID: 0}
    - target: {fileID: 4630561392723336, guid: cffa043ea91396745993d0ccf3d1f172, type: 3}
      propertyPath: m_LocalScale.y
      value: 0.5
      objectReference: {fileID: 0}
    - target: {fileID: 4630561392723336, guid: cffa043ea91396745993d0ccf3d1f172, type: 3}
      propertyPath: m_LocalScale.z
      value: 0.5
      objectReference: {fileID: 0}
    m_RemovedComponents: []
  m_SourcePrefab: {fileID: 100100000, guid: cffa043ea91396745993d0ccf3d1f172, type: 3}
--- !u!4 &1560191785919778629 stripped
Transform:
  m_CorrespondingSourceObject: {fileID: 4630561392723336, guid: cffa043ea91396745993d0ccf3d1f172,
    type: 3}
  m_PrefabInstance: {fileID: 1564606494464772813}
  m_PrefabAsset: {fileID: 0}
--- !u!1001 &1564606494678649935
PrefabInstance:
  m_ObjectHideFlags: 0
  serializedVersion: 2
  m_Modification:
    m_TransformParent: {fileID: 1564606494750701555}
    m_Modifications:
    - target: {fileID: 1975182041857750, guid: f8bfb921d5296614888fc25cc28cc565, type: 3}
      propertyPath: m_Name
      value: EA_Rock32_PRE
      objectReference: {fileID: 0}
    - target: {fileID: 4451341913868280, guid: f8bfb921d5296614888fc25cc28cc565, type: 3}
      propertyPath: m_LocalPosition.x
      value: 0
      objectReference: {fileID: 0}
    - target: {fileID: 4451341913868280, guid: f8bfb921d5296614888fc25cc28cc565, type: 3}
      propertyPath: m_LocalPosition.y
      value: 0
      objectReference: {fileID: 0}
    - target: {fileID: 4451341913868280, guid: f8bfb921d5296614888fc25cc28cc565, type: 3}
      propertyPath: m_LocalPosition.z
      value: 0
      objectReference: {fileID: 0}
    - target: {fileID: 4451341913868280, guid: f8bfb921d5296614888fc25cc28cc565, type: 3}
      propertyPath: m_LocalRotation.x
      value: 0
      objectReference: {fileID: 0}
    - target: {fileID: 4451341913868280, guid: f8bfb921d5296614888fc25cc28cc565, type: 3}
      propertyPath: m_LocalRotation.y
      value: 0
      objectReference: {fileID: 0}
    - target: {fileID: 4451341913868280, guid: f8bfb921d5296614888fc25cc28cc565, type: 3}
      propertyPath: m_LocalRotation.z
      value: 0
      objectReference: {fileID: 0}
    - target: {fileID: 4451341913868280, guid: f8bfb921d5296614888fc25cc28cc565, type: 3}
      propertyPath: m_LocalRotation.w
      value: 1
      objectReference: {fileID: 0}
    - target: {fileID: 4451341913868280, guid: f8bfb921d5296614888fc25cc28cc565, type: 3}
      propertyPath: m_RootOrder
      value: 0
      objectReference: {fileID: 0}
    - target: {fileID: 4451341913868280, guid: f8bfb921d5296614888fc25cc28cc565, type: 3}
      propertyPath: m_LocalEulerAnglesHint.x
      value: 0
      objectReference: {fileID: 0}
    - target: {fileID: 4451341913868280, guid: f8bfb921d5296614888fc25cc28cc565, type: 3}
      propertyPath: m_LocalEulerAnglesHint.y
      value: 0
      objectReference: {fileID: 0}
    - target: {fileID: 4451341913868280, guid: f8bfb921d5296614888fc25cc28cc565, type: 3}
      propertyPath: m_LocalEulerAnglesHint.z
      value: 0
      objectReference: {fileID: 0}
    m_RemovedComponents: []
  m_SourcePrefab: {fileID: 100100000, guid: f8bfb921d5296614888fc25cc28cc565, type: 3}
--- !u!4 &1565362790042684343 stripped
Transform:
  m_CorrespondingSourceObject: {fileID: 4451341913868280, guid: f8bfb921d5296614888fc25cc28cc565,
    type: 3}
  m_PrefabInstance: {fileID: 1564606494678649935}
  m_PrefabAsset: {fileID: 0}
--- !u!1001 &1564606495334776806
PrefabInstance:
  m_ObjectHideFlags: 0
  serializedVersion: 2
  m_Modification:
    m_TransformParent: {fileID: 1564606494750701555}
    m_Modifications:
    - target: {fileID: 1609270425926636, guid: 9020d2933ec6c0544965ea4b12952c42, type: 3}
      propertyPath: m_Name
      value: SM_Tree_Log_02
      objectReference: {fileID: 0}
    - target: {fileID: 4659579814028464, guid: 9020d2933ec6c0544965ea4b12952c42, type: 3}
      propertyPath: m_LocalPosition.x
      value: 0
      objectReference: {fileID: 0}
    - target: {fileID: 4659579814028464, guid: 9020d2933ec6c0544965ea4b12952c42, type: 3}
      propertyPath: m_LocalPosition.y
      value: 0
      objectReference: {fileID: 0}
    - target: {fileID: 4659579814028464, guid: 9020d2933ec6c0544965ea4b12952c42, type: 3}
      propertyPath: m_LocalPosition.z
      value: 20.23
      objectReference: {fileID: 0}
    - target: {fileID: 4659579814028464, guid: 9020d2933ec6c0544965ea4b12952c42, type: 3}
      propertyPath: m_LocalRotation.x
      value: 0
      objectReference: {fileID: 0}
    - target: {fileID: 4659579814028464, guid: 9020d2933ec6c0544965ea4b12952c42, type: 3}
      propertyPath: m_LocalRotation.y
      value: 0
      objectReference: {fileID: 0}
    - target: {fileID: 4659579814028464, guid: 9020d2933ec6c0544965ea4b12952c42, type: 3}
      propertyPath: m_LocalRotation.z
      value: 0
      objectReference: {fileID: 0}
    - target: {fileID: 4659579814028464, guid: 9020d2933ec6c0544965ea4b12952c42, type: 3}
      propertyPath: m_LocalRotation.w
      value: 1
      objectReference: {fileID: 0}
    - target: {fileID: 4659579814028464, guid: 9020d2933ec6c0544965ea4b12952c42, type: 3}
      propertyPath: m_RootOrder
      value: 4
      objectReference: {fileID: 0}
    - target: {fileID: 4659579814028464, guid: 9020d2933ec6c0544965ea4b12952c42, type: 3}
      propertyPath: m_LocalEulerAnglesHint.x
      value: 0
      objectReference: {fileID: 0}
    - target: {fileID: 4659579814028464, guid: 9020d2933ec6c0544965ea4b12952c42, type: 3}
      propertyPath: m_LocalEulerAnglesHint.y
      value: 0
      objectReference: {fileID: 0}
    - target: {fileID: 4659579814028464, guid: 9020d2933ec6c0544965ea4b12952c42, type: 3}
      propertyPath: m_LocalEulerAnglesHint.z
      value: 0
      objectReference: {fileID: 0}
    - target: {fileID: 4659579814028464, guid: 9020d2933ec6c0544965ea4b12952c42, type: 3}
      propertyPath: m_LocalScale.x
      value: 2
      objectReference: {fileID: 0}
    - target: {fileID: 4659579814028464, guid: 9020d2933ec6c0544965ea4b12952c42, type: 3}
      propertyPath: m_LocalScale.y
      value: 2
      objectReference: {fileID: 0}
    - target: {fileID: 4659579814028464, guid: 9020d2933ec6c0544965ea4b12952c42, type: 3}
      propertyPath: m_LocalScale.z
      value: 2
      objectReference: {fileID: 0}
    m_RemovedComponents: []
  m_SourcePrefab: {fileID: 100100000, guid: 9020d2933ec6c0544965ea4b12952c42, type: 3}
--- !u!4 &1559956919574895446 stripped
Transform:
  m_CorrespondingSourceObject: {fileID: 4659579814028464, guid: 9020d2933ec6c0544965ea4b12952c42,
    type: 3}
  m_PrefabInstance: {fileID: 1564606495334776806}
  m_PrefabAsset: {fileID: 0}
--- !u!1001 &1564606495533756118
PrefabInstance:
  m_ObjectHideFlags: 0
  serializedVersion: 2
  m_Modification:
    m_TransformParent: {fileID: 1564606494750701555}
    m_Modifications:
    - target: {fileID: 1732272334065596, guid: cdcb19fde9e8cba40b7bff849baf2c1b, type: 3}
      propertyPath: m_Name
      value: SM_Rock_Boulder_01
      objectReference: {fileID: 0}
    - target: {fileID: 4434221626337540, guid: cdcb19fde9e8cba40b7bff849baf2c1b, type: 3}
      propertyPath: m_LocalPosition.x
      value: 0
      objectReference: {fileID: 0}
    - target: {fileID: 4434221626337540, guid: cdcb19fde9e8cba40b7bff849baf2c1b, type: 3}
      propertyPath: m_LocalPosition.y
      value: 0
      objectReference: {fileID: 0}
    - target: {fileID: 4434221626337540, guid: cdcb19fde9e8cba40b7bff849baf2c1b, type: 3}
      propertyPath: m_LocalPosition.z
      value: -15.9
      objectReference: {fileID: 0}
    - target: {fileID: 4434221626337540, guid: cdcb19fde9e8cba40b7bff849baf2c1b, type: 3}
      propertyPath: m_LocalRotation.x
      value: 0
      objectReference: {fileID: 0}
    - target: {fileID: 4434221626337540, guid: cdcb19fde9e8cba40b7bff849baf2c1b, type: 3}
      propertyPath: m_LocalRotation.y
      value: 0
      objectReference: {fileID: 0}
    - target: {fileID: 4434221626337540, guid: cdcb19fde9e8cba40b7bff849baf2c1b, type: 3}
      propertyPath: m_LocalRotation.z
      value: 0
      objectReference: {fileID: 0}
    - target: {fileID: 4434221626337540, guid: cdcb19fde9e8cba40b7bff849baf2c1b, type: 3}
      propertyPath: m_LocalRotation.w
      value: 1
      objectReference: {fileID: 0}
    - target: {fileID: 4434221626337540, guid: cdcb19fde9e8cba40b7bff849baf2c1b, type: 3}
      propertyPath: m_RootOrder
      value: 5
      objectReference: {fileID: 0}
    - target: {fileID: 4434221626337540, guid: cdcb19fde9e8cba40b7bff849baf2c1b, type: 3}
      propertyPath: m_LocalEulerAnglesHint.x
      value: 0
      objectReference: {fileID: 0}
    - target: {fileID: 4434221626337540, guid: cdcb19fde9e8cba40b7bff849baf2c1b, type: 3}
      propertyPath: m_LocalEulerAnglesHint.y
      value: 0
      objectReference: {fileID: 0}
    - target: {fileID: 4434221626337540, guid: cdcb19fde9e8cba40b7bff849baf2c1b, type: 3}
      propertyPath: m_LocalEulerAnglesHint.z
      value: 0
      objectReference: {fileID: 0}
    m_RemovedComponents: []
  m_SourcePrefab: {fileID: 100100000, guid: cdcb19fde9e8cba40b7bff849baf2c1b, type: 3}
--- !u!4 &1565380991347476434 stripped
Transform:
  m_CorrespondingSourceObject: {fileID: 4434221626337540, guid: cdcb19fde9e8cba40b7bff849baf2c1b,
    type: 3}
  m_PrefabInstance: {fileID: 1564606495533756118}
  m_PrefabAsset: {fileID: 0}
--- !u!1001 &1564606495677175676
PrefabInstance:
  m_ObjectHideFlags: 0
  serializedVersion: 2
  m_Modification:
    m_TransformParent: {fileID: 1564606494750701555}
    m_Modifications:
    - target: {fileID: 1657173670984558, guid: cffa043ea91396745993d0ccf3d1f172, type: 3}
      propertyPath: m_Name
      value: EA_Swamp_tree6_PRE (1)
      objectReference: {fileID: 0}
    - target: {fileID: 4630561392723336, guid: cffa043ea91396745993d0ccf3d1f172, type: 3}
      propertyPath: m_LocalPosition.x
      value: 0
      objectReference: {fileID: 0}
    - target: {fileID: 4630561392723336, guid: cffa043ea91396745993d0ccf3d1f172, type: 3}
      propertyPath: m_LocalPosition.y
      value: 0
      objectReference: {fileID: 0}
    - target: {fileID: 4630561392723336, guid: cffa043ea91396745993d0ccf3d1f172, type: 3}
      propertyPath: m_LocalPosition.z
      value: -12.49
      objectReference: {fileID: 0}
    - target: {fileID: 4630561392723336, guid: cffa043ea91396745993d0ccf3d1f172, type: 3}
      propertyPath: m_LocalRotation.x
      value: -0
      objectReference: {fileID: 0}
    - target: {fileID: 4630561392723336, guid: cffa043ea91396745993d0ccf3d1f172, type: 3}
      propertyPath: m_LocalRotation.y
      value: 0.31801397
      objectReference: {fileID: 0}
    - target: {fileID: 4630561392723336, guid: cffa043ea91396745993d0ccf3d1f172, type: 3}
      propertyPath: m_LocalRotation.z
      value: -0
      objectReference: {fileID: 0}
    - target: {fileID: 4630561392723336, guid: cffa043ea91396745993d0ccf3d1f172, type: 3}
      propertyPath: m_LocalRotation.w
      value: 0.9480861
      objectReference: {fileID: 0}
    - target: {fileID: 4630561392723336, guid: cffa043ea91396745993d0ccf3d1f172, type: 3}
      propertyPath: m_RootOrder
      value: 2
      objectReference: {fileID: 0}
    - target: {fileID: 4630561392723336, guid: cffa043ea91396745993d0ccf3d1f172, type: 3}
      propertyPath: m_LocalEulerAnglesHint.x
      value: 0
      objectReference: {fileID: 0}
    - target: {fileID: 4630561392723336, guid: cffa043ea91396745993d0ccf3d1f172, type: 3}
      propertyPath: m_LocalEulerAnglesHint.y
      value: 37.086
      objectReference: {fileID: 0}
    - target: {fileID: 4630561392723336, guid: cffa043ea91396745993d0ccf3d1f172, type: 3}
      propertyPath: m_LocalEulerAnglesHint.z
      value: 0
      objectReference: {fileID: 0}
    - target: {fileID: 4630561392723336, guid: cffa043ea91396745993d0ccf3d1f172, type: 3}
      propertyPath: m_LocalScale.x
      value: 0.5
      objectReference: {fileID: 0}
    - target: {fileID: 4630561392723336, guid: cffa043ea91396745993d0ccf3d1f172, type: 3}
      propertyPath: m_LocalScale.y
      value: 0.5
      objectReference: {fileID: 0}
    - target: {fileID: 4630561392723336, guid: cffa043ea91396745993d0ccf3d1f172, type: 3}
      propertyPath: m_LocalScale.z
      value: 0.5
      objectReference: {fileID: 0}
    m_RemovedComponents: []
  m_SourcePrefab: {fileID: 100100000, guid: cffa043ea91396745993d0ccf3d1f172, type: 3}
--- !u!4 &1560191786552906484 stripped
Transform:
  m_CorrespondingSourceObject: {fileID: 4630561392723336, guid: cffa043ea91396745993d0ccf3d1f172,
    type: 3}
  m_PrefabInstance: {fileID: 1564606495677175676}
  m_PrefabAsset: {fileID: 0}
--- !u!1001 &1961680596470849539
PrefabInstance:
  m_ObjectHideFlags: 0
  serializedVersion: 2
  m_Modification:
    m_TransformParent: {fileID: 1564606494750701555}
    m_Modifications:
    - target: {fileID: 5315359888651442775, guid: cf7d02eaa168e42128a29c552044b43b,
        type: 3}
      propertyPath: m_LocalPosition.x
      value: 0.9
      objectReference: {fileID: 0}
    - target: {fileID: 5315359888651442775, guid: cf7d02eaa168e42128a29c552044b43b,
        type: 3}
      propertyPath: m_LocalPosition.y
      value: 0
      objectReference: {fileID: 0}
    - target: {fileID: 5315359888651442775, guid: cf7d02eaa168e42128a29c552044b43b,
        type: 3}
      propertyPath: m_LocalPosition.z
      value: -2.9
      objectReference: {fileID: 0}
    - target: {fileID: 5315359888651442775, guid: cf7d02eaa168e42128a29c552044b43b,
        type: 3}
      propertyPath: m_LocalRotation.x
      value: 0
      objectReference: {fileID: 0}
    - target: {fileID: 5315359888651442775, guid: cf7d02eaa168e42128a29c552044b43b,
        type: 3}
      propertyPath: m_LocalRotation.y
      value: -0
      objectReference: {fileID: 0}
    - target: {fileID: 5315359888651442775, guid: cf7d02eaa168e42128a29c552044b43b,
        type: 3}
      propertyPath: m_LocalRotation.z
      value: -0
      objectReference: {fileID: 0}
    - target: {fileID: 5315359888651442775, guid: cf7d02eaa168e42128a29c552044b43b,
        type: 3}
      propertyPath: m_LocalRotation.w
      value: 1
      objectReference: {fileID: 0}
    - target: {fileID: 5315359888651442775, guid: cf7d02eaa168e42128a29c552044b43b,
        type: 3}
      propertyPath: m_RootOrder
      value: 6
      objectReference: {fileID: 0}
    - target: {fileID: 5315359888651442775, guid: cf7d02eaa168e42128a29c552044b43b,
        type: 3}
      propertyPath: m_LocalEulerAnglesHint.x
      value: 0
      objectReference: {fileID: 0}
    - target: {fileID: 5315359888651442775, guid: cf7d02eaa168e42128a29c552044b43b,
        type: 3}
      propertyPath: m_LocalEulerAnglesHint.y
      value: 0
      objectReference: {fileID: 0}
    - target: {fileID: 5315359888651442775, guid: cf7d02eaa168e42128a29c552044b43b,
        type: 3}
      propertyPath: m_LocalEulerAnglesHint.z
      value: 0
      objectReference: {fileID: 0}
    - target: {fileID: 7984359847287853284, guid: cf7d02eaa168e42128a29c552044b43b,
        type: 3}
      propertyPath: m_Name
      value: ChristmasTree_2
      objectReference: {fileID: 0}
    m_RemovedComponents: []
  m_SourcePrefab: {fileID: 100100000, guid: cf7d02eaa168e42128a29c552044b43b, type: 3}
--- !u!4 &5979295637144222292 stripped
Transform:
  m_CorrespondingSourceObject: {fileID: 5315359888651442775, guid: cf7d02eaa168e42128a29c552044b43b,
    type: 3}
  m_PrefabInstance: {fileID: 1961680596470849539}
  m_PrefabAsset: {fileID: 0}
--- !u!1001 &3899490810018159040
PrefabInstance:
  m_ObjectHideFlags: 0
  serializedVersion: 2
  m_Modification:
    m_TransformParent: {fileID: 1564606494750701555}
    m_Modifications:
    - target: {fileID: 102905529462767454, guid: e7ff701baaebe4928b99c0f48f5346a9,
        type: 3}
      propertyPath: m_Name
      value: Snowman
      objectReference: {fileID: 0}
    - target: {fileID: 8573249317117373092, guid: e7ff701baaebe4928b99c0f48f5346a9,
        type: 3}
      propertyPath: m_LocalPosition.x
      value: 1.5
      objectReference: {fileID: 0}
    - target: {fileID: 8573249317117373092, guid: e7ff701baaebe4928b99c0f48f5346a9,
        type: 3}
      propertyPath: m_LocalPosition.y
      value: 0
      objectReference: {fileID: 0}
    - target: {fileID: 8573249317117373092, guid: e7ff701baaebe4928b99c0f48f5346a9,
        type: 3}
      propertyPath: m_LocalPosition.z
      value: -19.4
      objectReference: {fileID: 0}
    - target: {fileID: 8573249317117373092, guid: e7ff701baaebe4928b99c0f48f5346a9,
        type: 3}
      propertyPath: m_LocalRotation.x
      value: -0
      objectReference: {fileID: 0}
    - target: {fileID: 8573249317117373092, guid: e7ff701baaebe4928b99c0f48f5346a9,
        type: 3}
      propertyPath: m_LocalRotation.y
      value: -0.9880934
      objectReference: {fileID: 0}
    - target: {fileID: 8573249317117373092, guid: e7ff701baaebe4928b99c0f48f5346a9,
        type: 3}
      propertyPath: m_LocalRotation.z
      value: -0
      objectReference: {fileID: 0}
    - target: {fileID: 8573249317117373092, guid: e7ff701baaebe4928b99c0f48f5346a9,
        type: 3}
      propertyPath: m_LocalRotation.w
      value: 0.15385593
      objectReference: {fileID: 0}
    - target: {fileID: 8573249317117373092, guid: e7ff701baaebe4928b99c0f48f5346a9,
        type: 3}
      propertyPath: m_RootOrder
      value: 7
      objectReference: {fileID: 0}
    - target: {fileID: 8573249317117373092, guid: e7ff701baaebe4928b99c0f48f5346a9,
        type: 3}
      propertyPath: m_LocalEulerAnglesHint.x
      value: 0
      objectReference: {fileID: 0}
    - target: {fileID: 8573249317117373092, guid: e7ff701baaebe4928b99c0f48f5346a9,
        type: 3}
      propertyPath: m_LocalEulerAnglesHint.y
      value: -162.299
      objectReference: {fileID: 0}
    - target: {fileID: 8573249317117373092, guid: e7ff701baaebe4928b99c0f48f5346a9,
        type: 3}
      propertyPath: m_LocalEulerAnglesHint.z
      value: 0
      objectReference: {fileID: 0}
    - target: {fileID: 8573249317117373092, guid: e7ff701baaebe4928b99c0f48f5346a9,
        type: 3}
      propertyPath: m_LocalScale.x
      value: 3
      objectReference: {fileID: 0}
    - target: {fileID: 8573249317117373092, guid: e7ff701baaebe4928b99c0f48f5346a9,
        type: 3}
      propertyPath: m_LocalScale.y
      value: 3
      objectReference: {fileID: 0}
    - target: {fileID: 8573249317117373092, guid: e7ff701baaebe4928b99c0f48f5346a9,
        type: 3}
      propertyPath: m_LocalScale.z
      value: 3
      objectReference: {fileID: 0}
    m_RemovedComponents: []
  m_SourcePrefab: {fileID: 100100000, guid: e7ff701baaebe4928b99c0f48f5346a9, type: 3}
--- !u!4 &4676859499526255460 stripped
Transform:
  m_CorrespondingSourceObject: {fileID: 8573249317117373092, guid: e7ff701baaebe4928b99c0f48f5346a9,
    type: 3}
  m_PrefabInstance: {fileID: 3899490810018159040}
  m_PrefabAsset: {fileID: 0}
--- !u!1001 &7615768700107303813
PrefabInstance:
  m_ObjectHideFlags: 0
  serializedVersion: 2
  m_Modification:
    m_TransformParent: {fileID: 1564606494750701555}
    m_Modifications:
    - target: {fileID: 4089626811247709573, guid: b25211b045fb34182b8a55cc50a51c78,
        type: 3}
      propertyPath: m_LocalPosition.x
      value: 3.3
      objectReference: {fileID: 0}
    - target: {fileID: 4089626811247709573, guid: b25211b045fb34182b8a55cc50a51c78,
        type: 3}
      propertyPath: m_LocalPosition.y
      value: 0
      objectReference: {fileID: 0}
    - target: {fileID: 4089626811247709573, guid: b25211b045fb34182b8a55cc50a51c78,
        type: 3}
      propertyPath: m_LocalPosition.z
      value: -16.9
      objectReference: {fileID: 0}
    - target: {fileID: 4089626811247709573, guid: b25211b045fb34182b8a55cc50a51c78,
        type: 3}
      propertyPath: m_LocalRotation.x
      value: 0
      objectReference: {fileID: 0}
    - target: {fileID: 4089626811247709573, guid: b25211b045fb34182b8a55cc50a51c78,
        type: 3}
      propertyPath: m_LocalRotation.y
      value: -0
      objectReference: {fileID: 0}
    - target: {fileID: 4089626811247709573, guid: b25211b045fb34182b8a55cc50a51c78,
        type: 3}
      propertyPath: m_LocalRotation.z
      value: -0
      objectReference: {fileID: 0}
    - target: {fileID: 4089626811247709573, guid: b25211b045fb34182b8a55cc50a51c78,
        type: 3}
      propertyPath: m_LocalRotation.w
      value: 1
      objectReference: {fileID: 0}
    - target: {fileID: 4089626811247709573, guid: b25211b045fb34182b8a55cc50a51c78,
        type: 3}
      propertyPath: m_RootOrder
      value: 8
      objectReference: {fileID: 0}
    - target: {fileID: 4089626811247709573, guid: b25211b045fb34182b8a55cc50a51c78,
        type: 3}
      propertyPath: m_LocalEulerAnglesHint.x
      value: 0
      objectReference: {fileID: 0}
    - target: {fileID: 4089626811247709573, guid: b25211b045fb34182b8a55cc50a51c78,
        type: 3}
      propertyPath: m_LocalEulerAnglesHint.y
      value: 0
      objectReference: {fileID: 0}
    - target: {fileID: 4089626811247709573, guid: b25211b045fb34182b8a55cc50a51c78,
        type: 3}
      propertyPath: m_LocalEulerAnglesHint.z
      value: 0
      objectReference: {fileID: 0}
    - target: {fileID: 4089626811247709573, guid: b25211b045fb34182b8a55cc50a51c78,
        type: 3}
      propertyPath: m_LocalScale.x
      value: 3
      objectReference: {fileID: 0}
    - target: {fileID: 4089626811247709573, guid: b25211b045fb34182b8a55cc50a51c78,
        type: 3}
      propertyPath: m_LocalScale.y
      value: 3
      objectReference: {fileID: 0}
    - target: {fileID: 4089626811247709573, guid: b25211b045fb34182b8a55cc50a51c78,
        type: 3}
      propertyPath: m_LocalScale.z
      value: 3
      objectReference: {fileID: 0}
    - target: {fileID: 6517073816740362697, guid: b25211b045fb34182b8a55cc50a51c78,
        type: 3}
      propertyPath: m_Name
      value: ChristmasTree_1
      objectReference: {fileID: 0}
    m_RemovedComponents: []
  m_SourcePrefab: {fileID: 100100000, guid: b25211b045fb34182b8a55cc50a51c78, type: 3}
--- !u!4 &5868718778400531968 stripped
Transform:
  m_CorrespondingSourceObject: {fileID: 4089626811247709573, guid: b25211b045fb34182b8a55cc50a51c78,
    type: 3}
  m_PrefabInstance: {fileID: 7615768700107303813}
  m_PrefabAsset: {fileID: 0}
